@Online{apache,
  Title = {{Apache HTTP Server Version 2.4 Documentation}},
  URL = {http://httpd.apache.org/docs/current/}
}

@Online{archlinux-wiki:systemd,
  Institution = {Arch Linux},
  langid = {english},
  Title = {systemd},
  URL = {https://wiki.archlinux.org/index.php/Systemd},
  Year = 2015
}

@Online{cisco:nat:01,
  Title = {{Часто задаваемые вопросы по технологии NAT / Сайт поддержки продуктов и технологий компании Cisco}},
  URL = {https://www.cisco.com/c/ru_ru/support/docs/ip/network-address-translation-nat/26704-nat-faq-00.html}
}

@Online{cisco:nat:02,
  langid = {russian},
  Title = {{NAT: вопросы и ответы}},
  URL = {https://www.cisco.com/cisco/web/support/RU/9/92/92029_nat-faq.html}
}

@Online{cisco:nat:03,
  langid = {english},
  Title = {{NAT Order of Operation}},
  URL = {https://www.cisco.com/c/en/us/support/docs/ip/network-address-translation-nat/6209-5.html}
}

@Book{clark:switching::en,
  Abstract = {The most complete guide to Cisco Catalyst(r) switch network design, operation, and configuration Master key foundation topics such as high-speed LAN technologies, LAN segmentation,
bridging, the Catalyst command-line environment, and VLANs Improve the performance of your campus network by utilizing effective Cisco Catalyst design, configuration, and troubleshooting techniques
Benefit from the most comprehensive coverage of Spanning-Tree Protocol, including invaluable information on troubleshooting common Spanning Tree problems Master trunking concepts and applications,
including ISL, 802.1Q, LANE, and MPOA Understand when and how to utilize Layer 3 switching techniques for maximum effect Understand Layer 2 and Layer 3 switching configuration with the Catalyst 6000
family, including coverage of the powerful MSFC Native IOS Mode Cisco LAN Switchingprovides the most comprehensive coverage of the best methods for designing, utilizing, and deploying LAN switching
devices and technologies in a modern campus network. Divided into six parts, this book takes you beyond basic switching concepts by providing an array of proven design models, practical implementation
solutions, and troubleshooting strategies. Part I discusses important foundation issues that provide a context for the rest of the book, including Fast and Gigabit Ethernet, routing versus switching,
the types of Layer 2 switching, the Catalyst command-line environment, and VLANs. Part II presents the most detailed discussion of Spanning-Tree Protocol in print, including common problems,
troubleshooting, and enhancements, such as PortFast, UplinkFast, BackboneFast, and PVST+. Part III examines the critical issue of trunk connections, the links used to carry multiple VLANs through
campus networks. Entire chapters are dedicated to LANE and MPOA. Part IV addresses advanced features, such as Layer 3 switching, VTP, and CGMP and IGMP. Part V covers real-world campus design and
implementation issues, allowing you to benefit from the collective advice of many LAN switching experts. Part VI discusses issues specific to the Catalyst 6000/6500 family of switches, including the
powerful Native IOS Mode of Layer 3 switching. Several features in Cisco LAN Switchingare designed to reinforce concepts covered in the book and to help you prepare for the CCIE exam. In addition to
the practical discussion of advanced switching issues, this book also contains case studies that highlight real-world design, implementation, and management issues, as well as chapter-ending review
questions and exercises. This book is part of the Cisco CCIE Professional Development Series from Cisco Press, which offers expert-level instruction on network design, deployment, and support
methodologies to help networking professionals manage complex networks and prepare for CCIE exams.},
  Author = {Clark, Kennedy and No, Ccie and Hamilton, Kevin and Clark, Kennedy and Hamilton, Kevin},
  ISBN = 1578700949,
  Keywords = {2175,ccie no,ccsi,co lan switching,kennedy clark,kevin hamilton},
  langid = {english},
  PageTotal = 960,
  Publisher = {Cisco Press},
  Series = {CCIE Professional Development},
  Title = {{Cisco LAN Switching}},
  Year = 1999
}

@Book{clark:switching::ru,
  Abstract = {В книге описаны методы проектирования, применения и внедрения коммутирующих устройств в локальных
сетях, а также технологии, используемые в современных территориальных сетях. Материал книги выходит далеко
за рамки основных концепций коммутации и содержит примеры моделей сетей, а также описание различных
стратегий поиска неисправностей. В этой книге представлены темы, которые помогут как гораздо точнее понять
основные концепции коммутации, так и подготовиться к квалификационному экзамену на звание CCIE. В дополнение к
обсуждению практических аспектов реализации самых современных методов коммутации, книга также содержит
примеры реально существующих сетей, вопросов связанных с их внедрением и управлением, а так же практические
упражнения и контрольные вопросы.},
  Address = {М.},
  Author = {Кларк, Кеннеди and Гамильтон, Кевин},
  ISBN = {5-8459-0464-1},
  langid = {russian},
  PageTotal = 976,
  Publisher = {Вильямс},
  Series = {Cisco Press Core Series},
  Title = {{Принципы коммутации в локальных сетях Cisco}},
  Year = 2003
}

@Book{colvin:2015:virtualbox,
  Author = {Colvin, Harry},
  ISBN = {978-1522769880},
  langid = {english},
  PageTotal = 70,
  Publisher = {CreateSpace Independent Publishing Platform},
  Title = {{VirtualBox: An Ultimate Guide Book on Virtualization with VirtualBox}},
  Year = 2015
}

@Online{cooper:bash,
  Author = {Купер, Мендель},
  langid = {russian},
  Title = {{Искусство программирования на языке сценариев командной оболочки}},
  URL = {https://www.opennet.ru/docs/RUS/bash_scripting_guide/},
  Year = 2004
}

@Book{dash:2013:virtialbox,
  Abstract = {Build your own virtual environment from scratch using VirtualBox Overview Learn how to install, configure, and manage VirtualBox A step-by-step guide which will teach you how to build
your own virtual environment from scratch Discover advanced features of VirtualBox In Detail Oracle VM VirtualBox is an open source, cross-platform virtualization software package. Desktop
virtualization software gives you the ability to install and run multiple operating systems on your computer in a virtual environment without disturbing the host OS. VirtualBox helps you create a
completely isolated virtual environment and therefore prevents viruses, malware, or any other kinds of threats spreading from the guest-to-host machine. Getting Started with Oracle VM VirtualBox is a
step-by-step guide designed to help you understand the concepts of virtualization and start running VirtualBox on your system. This book will show you how to install, configure, and manage VirtualBox.
It will also show you how to install Oracle Enterprise Linux as a guest VM and make use of the essential features of VirtualBox. This book will show you how to install and configure VirtualBox on your
desktop. You will then learn how to create a guest machine as well as features like starting, stopping, removal, and cloning of the guest machine. This book will also introduce you to some advanced
features like snapshot, Clone, and VM Groups. You will then discover how you can install Oracle Enterprise Linux 6.0 as a guest OS and also how to share a folder both in Windows and Linux operating
systems. You will then learn about the different networking options available on VirtualBox and discover how they work. Finally, this book will introduce you to the different virtual storage options
available in VirtualBox and show you how they work. What you will learn from this book Install VirtualBox on your desktop and create a guest virtual machine Discover advanced features like snapshot,
Clone, and VM Groups Install Oracle Enterprise Linux 6.0 as a guest OS Explore the different networking and storage options available in VirtualBox Discover the memory management techniques available
in VirtualBox Approach A step-by-step guide that will show you how to install, configure, and manage VirtualBox. Who this book is written for This book is for system administrators, technical
architects, and virtualization enthusiasts who want to learn how to set up a virtual machine. Knowledge of the Linux environment is expected. Prior experience with VirtualBox or knowledge of
virtualization is not required.},
  Author = {Dash, Pradyumna},
  ISBN = 1782177825,
  langid = {english},
  PageTotal = 86,
  Publisher = {Packt Publishing Ltd},
  Title = {{Getting Started with Oracle VM VirtualBox}},
  Year = 2013
}

@Online{emelyanov:journalctl,
  Author = {Емельянов, Андрей},
  langid = {russian},
  Title = {{Управление логгированием в systemd}},
  URL = {https://blog.selectel.ru/upravlenie-loggirovaniem-v-systemd/},
  Year = 2015
}

@Online{Fail2ban,
  langid = {english},
  Title = {{Сайт Fail2ban}},
  URL = {https://www.fail2ban.org}
}

@Online{fedora-doc:wiki:firewalld,
  Institution = {Fedora Project Wiki},
  langid = {russian},
  Title = {{Динамический брандмауэр с использованием FirewallD}},
  URL = {https://fedoraproject.org/wiki/FirewallD/ru}
}

@Online{fedoradoc:selinux,
  Author = {McAllister, Murray and Radvan, Scott and Walsh, Daniel and Grift, Dominick and Paris, Eric and Morris, James},
  Institution = {fedoraproject.org},
  Title = {{Security-Enhanced Linux. Linux с улучшенной безопасностью: руководство пользователя}},
  URL = {https://docs-old.fedoraproject.org/ru-RU/Fedora/13/html/Security-Enhanced_Linux/index.html}
}

@Online{gnome-doc:networkmanager,
  Institution = {GNOME.org},
  langid = {english},
  Title = {{Сайт проекта NetworkManager}},
  URL = {https://wiki.gnome.org/Projects/NetworkManager}
}

@Online{gnome-doc:nmcli,
  Institution = {GNOME.org},
  langid = {english},
  Title = {{Сайт проекта nmcli}},
  URL = {https://developer.gnome.org/NetworkManager/stable/nmcli.html}
}

@Online{gnu-doc:bash,
  Institution = {Free Software Foundation},
  Title = {{GNU Bash Manual}},
  URL = {https://www.gnu.org/software/bash/manual/},
  Year = 2016
}

@Book{goyal:2017:centos,
  Author = {Goyal, Shiv Kumar},
  ISBN = {978-1521163566},
  langid = {english},
  PageTotal = 162,
  Publisher = {Independently published},
  Title = {{Precise Guide to Centos 7: Beginners guide and quick reference}},
  Year = 2017
}

@Book{hill:complete::ru,
  Abstract = {Эта книга позволяет достичь полного понимания технологий Cisco, чаще всего применяемых в сетях
основных типов. Без этого невозможно выполнять настройку конфигурации, проектировать и устранять нарушения
в работе сетей самых различных типов, созданных на основе продуктов Cisco. В ней подробно рассматриваются
протоколы локальной и распределенной сети, а также наборы протоколов общего назначения, в том числе TCP/IP. В
книге дано описание большинства существующих в настоящее время сетевых продуктов Cisco и приведены справочные
таблицы с краткими сведениями о характеристиках устройств. Описаны технологии коммутации Cisco, применяемые в
локальной сети, раскрыты такие темы, как настройка конфигурации виртуальной локальной сети, применение
алгоритма STP и метода MLS, принципы организации очередей и средства коммутации SLB. Рассматриваются все главные
внутренние маршрутизирующие протоколы, включая RIP, EIGRP и OSPF. Представлены 540 команд IOS, применяемых почти на
любом устройстве Cisco.},
  Address = {М.},
  Author = {Хилл, Брайан},
  ISBN = {978-5-8459-1309-8},
  langid = {russian},
  PageTotal = 1088,
  Publisher = {Вильямс},
  Title = {{Полный справочник по Cisco}},
  Year = 2009
}

@Online{httpd,
  Title = {{httpd --- Apache Hypertext Transfer Protocol Server}},
  URL = {https://httpd.apache.org/docs/2.4/programs/httpd.html}
}

@Book{kolisnichenko:sysadm_linux,
  Abstract = {Описаны основы сетевого взаимодействия, планирование и монтаж сети (Ethernet и Wi-Fi), настройка сети и
маршрутизации без конфигураторов. Даны примеры настройки различных типов серверов: Web, FTP, DNS, DHCP, почтового
сервера, сервера баз данных. Рассмотрены дистрибутивы Fedora 13, Mandriva 2010.1 Spring, openSUSE 11.3, Ubuntu 10, файловая система Linux,
установка и базовая настройка Linux, а также связки Apache + MySQL + PHP. Особое внимание уделено защите сетевых
сервисов и оптимизации работы сервера: использованию брандмауэров iptables и ebtables, прокси-серверов Squid и SquidGuard,
созданию chroot-окружения, управлению доступом с помощью системы Tomoyo, настройке VPN-сервера, аудиту сети при
помощи сетевого сканера nmap. Приведены практические рекомендации по стратегии администрирования и уходу за
аппаратными средствами, работе Linux-сервера в Windows-сети, созданию LiveCD, автоматизации задач с помощью bash,
использованию программных RAID-массивов.},
  Address = {СПб.},
  Author = {Колисниченко, Д. Н.},
  ISBN = {978-5-9775-0639-7},
  langid = {russian},
  PageTotal = 544,
  Publisher = {БХВ-Петербург},
  Series = {Системный администратор},
  Title = {{Самоучитель системного администратора Linux}},
  Year = 2011
}

@Book{kulyabov:2009:ebook:net,
  Address = {М.},
  Annote = {Учебное пособие, электронное издание. Регистрационное свидетельство № 15192 от 12.02.2009, номер гос.
регистрации 0320802965},
  Author = {Королькова, Анна Владиславовна and Кулябов, Дмитрий Сергеевич},
  File = {:home/dharma/work/science/Публикациии/bib/files/2009/Регистрационное свидетельство № 15192.djvu:djvu},
  Keywords = {book,network},
  langid = {russian},
  PageTotal = 463,
  Publisher = {Издательство РУДН},
  Title = {{Архитектура и принципы построения современных сетей и систем телекоммуникаций}},
  Year = 2009
}

@Book{kulyabov:2012:book:www-book,
  Abstract = {Учебное пособие предназначено для студентов направлений «Прикладная математика и информатика»,
«Математика и компьютерные науки», «Фундаментальная информатика и информационные технологии»,
«Бизнес-информатика».},
  Address = {М.},
  Author = {Королькова, Анна Владиславовна and Кулябов, Дмитрий Сергеевич},
  File = {:home/dharma/work/science/Публикациии/bib/files/2012/www-book.pdf:pdf},
  ISBN = 9785209049500,
  Keywords = {РИНЦ},
  langid = {russian},
  mendeley-tags = {РИНЦ},
  PageTotal = 146,
  Publisher = {РУДН},
  Title = {{Прикладные протоколы Интернет и www: курс лекций}},
  Year = 2012
}

@Book{kulyabov:2012:book:www-lab,
  Abstract = {Учебно-методическое пособие предназначено для студентов направлений «Прикладная математика и
информатика», «Математика и компьютерные науки», «Фундаментальная информатика и информационные
технологии», «Бизнес-информатика».},
  Address = {М.},
  Author = {Королькова, Анна Владиславовна and Кулябов, Дмитрий Сергеевич},
  File = {:home/dharma/work/science/Публикациии/bib/files/2012/www-lab.pdf:pdf},
  ISBN = 9785209049357,
  langid = {russian},
  PageTotal = 135,
  Publisher = {РУДН},
  Title = {{Прикладные протоколы Интернет и www: лабораторные работы}},
  Year = 2012
}

@Book{kulyabov:2016:book:protocols,
  Abstract = {В учебнике рассматриваются актуальные концепции современного состояния сетей и систем передачи
информации. Изложены аспекты и уровни организации сетей — от физического до уровня приложений модели
взаимодействия открытых систем. Дается описание идеальной модели взаимодействия открытых систем
телекоммуникации. Раскрываются основные модели, технологии и протоколы доступа различных сред передачи
данных. В книге в полной мере отражены принципы построения сетей передачи данных и настройки сетевого
оборудования. Учебник наполнен информативным наглядным материалом, что способствует лучшему усвоению
тематики предмета. Теоретический материал дополнен лабораторным практикумом и практическими заданиями
аналитического характера.},
  Address = {М.},
  Author = {Самуйлов, Константин Евгеньевич and Шалимов, Игорь Анатольевич and Кулябов, Дмитрий Сергеевич and
Василевский, Валерий Владимирович and Васин, Николай Николаевич and Королькова, Анна Владиславовна},
  File = {:home/dharma/work/science/Публикациии/bib/files/2016/sspit-2016.pdf:pdf},
  ISBN = {978-5-9916-7198-9},
  Keywords = {РИНЦ},
  langid = {russian},
  mendeley-tags = {РИНЦ},
  PageTotal = 363,
  Publisher = {Издательство Юрайт},
  Title = {{Сети и системы передачи информации: телекоммуникационные сети}},
  Year = 2016
}

@Book{kulyabov:book:net-tech-2014:lab,
  Abstract = {Пособие представляет собой лабораторный практикум по дисциплине «Сетевые технологии» и
предназначено для студентов направлений «Математика и компьютерные науки», «Фундаментальная информатика и
информационные технологии», «Бизнес-информатика».},
  Address = {М.},
  Author = {Королькова, Анна Владиславовна and Кулябов, Дмитрий Сергеевич},
  File = {:home/dharma/work/science/Публикациии/bib/files/2014/Королькова А. В., Кулябов Д. С. - Сетевые технологии. Лабораторные
работы.pdf:pdf},
  ISBN = 785209056065,
  Keywords = {РИНЦ},
  langid = {russian},
  mendeley-tags = {РИНЦ},
  PageTotal = 106,
  Publisher = {РУДН},
  Title = {{Сетевые технологии: лабораторные работы}},
  Year = 2014
}

@Book{kurose:book:networking,
  Abstract = {Данная книга идеально подойдет начинающим изучение сетевых технологий. Она знакомит с основами
построения и функционирования компьютерных сетей на примере пятиуровневой архитектуры сети Интернет. В ней
описаны базовые компоненты сети, основные принципы передачи данных, технологии взаимодействия сетей между
собой. Отдельная глава посвящена особенностям беспроводных сетей. Весь материал книги сопровождается
примерами и материалом для самостоятельного выполнения упражнений. Пособие универсально и подойдет как
студентам, так и системным администраторам, а также всем желающим начать изучение компьютерных сетей или
улучшить свои знания в этой области.},
  Address = {М.},
  Author = {Куроуз, Джеймс Ф. and Росс, Кит В.},
  Edition = {6-е изд.},
  langid = {russian},
  PageTotal = 912,
  Publisher = {Издательство «Э»},
  Series = {Мировой компьютерный бестселлер},
  Title = {{Компьютерные сети. Нисходящий подход}},
  Year = 2016
}

@Book{lammle:ccna-review-guide::en,
  Abstract = {The Cisco Certified Network Associate (CCNA) certification is the first step for network administrators seeking to advance their careers. Part of the Sybex study-practice-review approach
to certification preparation, this concise review guide is organized by exam objective and is the perfect companion to CCNA: CISCO CERTIFIED NETWORK ASSOCIATE STUDY GUIDE, 7th Edition. Written by
networking authority Todd Lammle, this brand new guide features eight chapters corresponding to the eight domains of the CCNA exam objectives. Also included is an interactive CD with two bonus exams,
handy flashcard questions, and a searchable PDF of a Glossary of Terms. - Network professionals who hold the CCNA certification generally earn more than coworkers who have not earned the CCNA. - This
guide, by author and trainer Todd Lammle, provides a focused, concise review that works with other learning tools such as CCNA: CISCO CERTIFIED NETWORK ASSOCIATE STUDY GUIDE, 7th Edition. - Covers the
eight domains of the exam objectives, including how a network works, configuration, IP addresses, network security threats, and troubleshooting. - Includes a CD with two bonus exams, handy flashcard
questions, and a searchable PDF of a Glossary of Terms. CCNA candidates will find this focused review guide greatly improves their chances of success as they tackle the exam.},
  Author = {Lammle, Todd},
  ISBN = {978-1-118-06346-0},
  langid = {english},
  PageTotal = 360,
  Publisher = {Sybex},
  Title = {{CCNA: Cisco Certified Network Associate: Review Guide}},
  Year = 2011
}

@Book{lammle:ccna-study-guide::en,
  Abstract = {Written by Cisco networking authority Todd Lammle, this comprehensive guide has been completely updated to reflect the latest CCNA 640-802 exam. Todd's straightforward style provides
lively examples, hands on and written labs, easy-to-understand analogies, and real-world scenarios that will not only help you prepare for the exam, but also give you a solid foundation as a Cisco
networking professional.},
  Author = {Lammle, Todd and Brook, Proofreaders Jim and English, Candace and Riddiough, Nancy},
  Edition = {7th Edition},
  ISBN = 0782143911,
  langid = {english},
  PageTotal = 864,
  Publisher = {Sybex},
  Title = {{CCNA — Cisco Certified Network Associate Study Guide , 5th Edition}},
  Year = 2011
}

@Book{loukides:unix-power-tools,
  Author = {Loukides, Mike and O'Reilly, Tim and Peek, Jerry and Powers, Shelley},
  langid = {english},
  PageTotal = 1160,
  Publisher = {O'Reilly Media},
  Title = {{UNIX Power Tools}},
  Year = 2009
}

@Book{mayer:2006:selinux,
  Abstract = {SELinux: Bring World-Class Security to Any Linux Environment! SELinux offers Linux/UNIX integrators, administrators, and developers a state-of-the-art platform for building and
maintaining highly secure solutions. Now that SELinux is included in the Linux 2.6 kernel—and delivered by default in Fedora Core, Red Hat Enterprise Linux, and other major distributions—it's
easier than ever to take advantage of its benefits. SELinux by Example is the first complete, hands-on guide to using SELinux in production environments. Authored by three leading SELinux researchers
and developers, it illuminates every facet of working with SELinux, from its architecture and security object model to its policy language. The book thoroughly explains SELinux sample policies—
including the powerful new Reference Policy—showing how to quickly adapt them to your unique environment. It also contains a comprehensive SELinux policy language reference and covers exciting new
features in Fedora Core 5 and the upcoming Red Hat Enterprise Linux version 5. • Thoroughly understand SELinux's access control and security mechanisms • Use SELinux to construct secure systems
from the ground up • Gain fine-grained control over kernel resources • Write policy statements for type enforcement, roles, users, and constraints • Use optional multilevel security to enforce
information classification and manage users with diverse clearances • Create conditional policies that can be changed on-the-fly • Define, manage, and maintain SELinux security policies •
Develop and write new SELinux security policy modules • Leverage emerging SELinux technologies to gain even greater flexibility • Effectively administer any SELinux system},
  Author = {Mayer, Frank and MacMillan, Karl and Caplan, David},
  ISBN = {978-0131963696},
  langid = {english},
  PageTotal = 460,
  Publisher = {Prentice Hall},
  Title = {{SELinux by example: using Security Enhanced Linux}},
  Year = 2006
}

@Book{neil:2016:centos,
  Abstract = {Most websites on the internet are powered by a CentOS server. CentOS is a very popular and lightweight version of Linux with a ten year support cycle. Due to the strong response from my
first book on the topic, Learning Ubuntu, I decided to release another title. Learning CentOS, starts at the basics and provides three options to get started with the operating system. The reader will
learn how to use SSH, setup a server on a VPS or Virtual Machine, install the popular LAMP stack for web servers, and will also learn how to install the most popular content management platform,
WordPress, towards the end of the book. We start by learning how to install packages, manage users, and navigating our CentOS server by the CLI or Command Line Interface. If you are looking for a new
skill or want to expand upon your current knowledge, this book serves as a great tool to get started and reference down the road. Topics Include: What is Linux and CentOS 7? Methods to Install CentOS
7 and Get Started. Setting Up CentOS on a Virtual Private Server (DigitalOcean or Linode) Setting Up CentOS on a Virtual Machine Using (Oracle VirtualBox) Installing CentOS on a Virtual Machine
Getting Familiar with the Command Line Interface or CLI Logging into CentOS and Learning General System Navigation Creating New Users Checking System Resource Status Making Directories and Files
Editing, Moving, Copying, and Deleting Files Installing LAMP (Apache, MySQL/MariaSQL, PHP) Installing Sendmail Managing the Server from the Browser Permission Settings, Groups, and Types Adding a
Database Installing Packages Setting Up and Configuring WordPress Understanding wget and rsync Changing File and Directory Ownership and Permission Settings},
  Author = {Neil, Nathan James},
  langid = {english},
  PageTotal = 86,
  Publisher = {CreateSpace Independent Publishing Platform},
  Title = {{Learning CentOS: A Beginners Guide to Learning Linux}},
  Year = 2016
}

@Book{nemet:unix-linux_admin::ru,
  Abstract = {Новое издание всемирно известной книги «Unix и Linux: руководство системного администратора» признанных
авторитетов в области системного администрирования систем UNIX и Linux содержит точную и полную информацию о
практически всех аспектах, включая управление памятью, проектирование и управление сетями, электронную
почту, веб-хостинг, создание сценариев, управление конфигурациями программного обеспечения, анализ
производительности, взаимодействие с системой Windows, виртуализацию, DNS, безопасность, управление провайдерами
IT-услуг и многое другое. Ясно и просто излагая важные факты, авторы сопровождают их реальными примерами.
Справочник отличается от предыдущих изданий тем, что в нем рассмотрены современные версии систем UNIX и Linux —
Solaris, HP-UX, AIX, Ubuntu Linux, openSUSE и Red Hat Enterprise Linux. Особое внимание авторы уделили администрированию сетей под
управлением систем UNIX и Linux. Данное издание, появившееся в год, когда исполняется 20 лет со дня появления
мирового бестселлера по системному администрированию UNIX, стало еще лучше благодаря описанию
распространенных вариантов системы Linux: Ubuntu, openSUSE и RHEL. Системное администрирование в книге рассматривается
с практической точки зрения. Она представляет собой бесценный справочник, как для начинающих
администраторов, так и для опытных профессионалов. В ней подробно описываются эффективные методы работы и
рассматриваются все аспекты системного администрирования, включая управление памятью, проектирование и
управление сетями, электронную почту, веб-хостинг, создание сценариев, управление конфигурациями
программного обеспечения, анализ производительности, взаимодействие с системой Windows, виртуализацию, DNS,
безопасность, управление провайдерами IT-услуг и многое другое. В данной книге отражены текущие версии
следующих операционных систем: Ubuntu Linux openSUSE Linux Red Hat Enterprise Linux Oracle America SolarisTM (бывший Sun Solaris) HP HP-UX IBM AIX Книга
будет чрезвычайно полезной всем системным администраторам, а также пользователям систем UNIX и Linux, студентам,
преподавателям и специалистам по сетевым технологиям.},
  Author = {Немет, Эви and Снайдер, Гарт and Хейн, Трент Р. and Уэйли, Бэн},
  Edition = {4-е изд.},
  ISBN = {978-0-13-148005-6},
  langid = {russian},
  PageTotal = 1312,
  Publisher = {Вильямс},
  Title = {{Unix и Linux: руководство системного администратора}},
  URL = {ftp://ftp.micronet-rostov.ru/linux-support/books/system administration/Немет Э., Снайдер Г., Хейн Т., Уэйли Б. - Unix и Linux. Руководство
системного администратора - 2012.pdf},
  Year = 2014
}

@Book{neumann:cisco-routers,
  Author = {Neumann, Jason C.},
  BookTitle = {Cisco Routers for the Small Business A Practical Guide for IT Professionals},
  langid = {english},
  PageTotal = 258,
  Publisher = {Apress},
  Title = {{Cisco Routers for the Small Business A Practical Guide for IT Professionals}},
  Year = 2009
}

@Book{newham:2005:bash,
  Author = {Newham, Cameron},
  ISBN = 0596009658,
  langid = {english},
  PageTotal = 354,
  Publisher = {O'Reilly Media},
  Series = {In a Nutshell},
  Title = {{Learning the bash Shell: Unix Shell Programming}},
  URL = {http://www.amazon.com/Learning-bash-Shell-Programming-Nutshell/dp/0596009658},
  Year = 2005
}

@Book{odom:black-book,
  Author = {Odom, S and Nottingham, H},
  ISBN = 9781576107065,
  langid = {english},
  PageTotal = 411,
  Publisher = {The Coriolis Group},
  Title = {{Cisco Switching: Black Book}},
  URL = {http://books.google.sk/books?id=GYsLAAAACAAJ},
  Year = 2001
}

@Book{odom:icnd1::ru,
  Abstract = {Нынешнее академическое издание - исчерпывающий справочник и учебное пособие, знакомящие с
фундаментальными концепциями работы с сетями и вспомогательными приложениями. Автор бестселлеров и опытный
преподаватель Уэнделл Одом делится советами по подготовке к экзамену, помогая вам выявить свои слабые
стороны, улучшить концептуальные знания и практические навыки. Особенности книги: Описание процесса
обучения, призванное помочь приобрести знания. Резюме в конце каждой главы, содержащие краткий обзор
ключевых тем. Масса упражнений, включая справочные таблицы, краткий обзор основных команд, определения
ключевых терминов, контрольные вопросы и многое другое, способное улучшить понимание тем и закрепить знания.
Разделы по поиску и устранению неисправностей, помогающие разобраться в сложных реальных ситуациях. Мощный
процессор Pearson IT Certification Practice Test Premium Edition, укомплектованный сотнями выверенных реалистичных экзаменационных
вопросов, увязывающий все вопросы с текстом книги и предоставляющий подробные отчеты об уровне подготовки.
Бесплатный экземпляр эмулятора CCENT/CCNA ICND1 100-101 Network Simulator Lite, укомплектованный лабораторными работами,
позволяющими отточить практические навыки работы с пользовательским интерфейсом маршрутизаторов и
коммутаторов. Заключительную главу, содержащую дополнительные советы и описания ресурсов для подготовки к
сертификационному экзамену. Ориентировочный план подготовки к экзамену, способный помочь организовать и
оптимизировать процесс обучения. Хорошо выверенный по уровню детализации, оснащенный планом подготовки,
средствами оценки, вопросами и практическими упражнениями, этот официальный учебник поможет овладеть
концепциями и методиками, позволяющими преуспеть на экзамене. Официальное руководство поможет освоить
нужные темы по подготовке к сертификационным экзаменам CCENT/CCNA ICND1, в частности: основы сетей локальные сети
Ethernet и коммутаторы IPv4-адресация и подсети использование маршрутизаторов Cisco настройка протокола OSPF ACL и NAT
основы IPv6 Минимальные системные требования для практических сертификационных тестов: операционная система
Windows XP (SP3), Windows Vista (SP2), Windows 7 или Windows 8; наличие Microsoft .NET Framework 4.0 Client; процессор 1 ГГц класса Pentium (или
эквивалентный); оперативная память 512 Мбайт; дисковое пространство 650 Мбайт плюс по 50 Мбайт для каждого
загруженного практического экзамена; доступ к Интернету для регистрации и загрузки экзаменационных баз
данных. Настоящая книга входит в серию Official Cert Guide Series издательства Cisco Press. Книги этой серии являются
официальным первоисточником для подготовки к экзамену. Они предоставляют теоретические и практические
материалы, которые помогут кандидатам на сертификат Cisco Career Certification выявить свои слабые стороны,
сконцентрировать усилия по изучению и повысить уверенность в себе по мере приближения дня экзамена.},
  Address = {М.},
  Author = {Одом, Уэнделл},
  ISBN = {978-5-8459-1906-9},
  langid = {russian},
  PageTotal = 912,
  Publisher = {Вильямс},
  Series = {Cisco Press Core Series},
  Title = {{Официальное руководство Cisco по подготовке к сертификационным экзаменам CCENT/CCNA ICND1 100-101}},
  Year = 2017
}

@Book{odom:icnd2::ru,
  Abstract = {Нынешнее академическое издание - исчерпывающий справочник и учебное пособие, знакомящие с
фундаментальными концепциями настройки сетей, поиска и устранения неисправностей. Автор бестселлеров и
опытный преподаватель Уэнделл Одом делится советами по подготовке к экзамену, помогая вам выявить свои
слабые стороны, улучшить концептуальные знания и практические навыки. Компания Cisco объявила об изменениях в
сертификации CCENT и CCNA маршрутизация и коммутация (CCNA Routing and Switching), а также в связанных с ними экзаменах 100-101
ICND1, 200-101 ICND2 и 200-120 CCNA в начале 2013 года. Для тех, кто знает, как проходили прежние экзамены Cisco ICND1, ICND2 и CCNA,
скажем, что структура осталась той же. Для новичков в сертификации Cisco данное введение начинается с
обсуждения основ. Настоящая книга относится к серии Official Cert Guide Series издательства Cisco Press. Книги этой серии
являются официальным первоисточником для подготовки к экзамену, предоставляют теоретические и
практические материалы, которые помогут кандидатам на сертификат Cisco Career Certification выявить свои слабые
стороны, сконцентрировать усилия по изучению и повысить уверенность в себе по мере приближения дня экзамена.
Загружаемый с веб-сайта книги образ DVD содержит более шестисот экзаменационных вопросов и практических
задач, эмулятор ICND2 Network Simulator Lite и 60-минутное обучающее видео. Хорошо выверенный по уровню детализации,
оснащенный планом подготовки, средствами оценки, видеолекцией, вопросами и практическими упражнениями, этот
официальный учебник поможет овладеть концепциями и методиками, позволяющими преуспеть на экзамене.},
  Address = {М.},
  Author = {Одом, Уэнделл},
  langid = {russian},
  PageTotal = 736,
  Publisher = {Вильямс},
  Series = {Cisco Press Core Series},
  Title = {{Официальное руководство Cisco по подготовке к сертификационным экзаменам CCNA ICND2 200-101. Маршрутизация и
коммутация}},
  Year = 2016
}

@Book{olifer:book:networks,
  Abstract = {Пятое издание одного из лучших российских учебников по сетевым технологиям, переведенного на
английский, испанский, португальский и китайский языки, отражает те изменения, которые произошли в области
компьютерных сетей за 6 лет, прошедших со времени подготовки предыдущего издания: преодоление локальными и
глобальными сетями рубежа скорости в 100 Гбит/c и освоение терабитных скоростей; повышение эффективности и
гибкости первичных оптических сетей за счет появления реконфигурируемых мультиплексоров ввода-вывода (ROADM)
и применения супер-каналов DWDM, работающих на основе гибкого частотного плана; развитие техники
виртуализации сетевых функций и услуг, приведшей к распространению облачных сервисов; выход на первый план
проблем безопасности. Рекомендовано Министерством образования и науки Российской Федерации в качестве
учебного пособия для студентов высших учебных заведений, обучающихся по направлению "Информатика и
вычислительная техника" и по специальностям "Вычислительные машины, комплексы, системы и сети",
"Автоматизированные машины, комплексы, системы и сети", "Программное обеспечение вычислительной техники и
автоматизированных систем". Издание предназначено для студентов, аспирантов и технических специалистов,
которые хотели бы получить базовые знания о принципах построения компьютерных сетей, понять особенности
традиционных и перспективных технологий локальных и глобальных сетей, изучить способы создания крупных
составных сетей и управления такими сетями.},
  Address = {Питер},
  Author = {Олифер, Виктор Г. and Олифер, Наталия А.},
  Edition = {5 изд.},
  ISBN = {978-5-496-01967-5},
  langid = {russian},
  PageTotal = 992,
  Publisher = {Питер},
  Series = {Учебник для вузов},
  Title = {{Компьютерные сети. Принципы, технологии, протоколы}},
  Year = 2017
}

@Online{pottering:systemd-adm,
  Author = {Поттеринг, Леннарт},
  langid = {russian},
  Title = {{Systemd для администраторов: цикл статей}},
  URL = {http://wiki.opennet.ru/Systemd},
  Year = 2010
}

@Book{purdy:iptables,
  Abstract = {Firewalls, Network Address Translation (NAT), network logging and accounting are all provided by Linux's Netfilter system, also known by the name of the command used to administer it,
iptables. The iptables interface is the most sophisticated ever offered onLinux and makes Linux an extremely flexible system for any kind of network filtering you might do. Large sets of filtering
rules can be grouped in ways that makes it easy to test them and turn them on and off.Do you watch for all types of ICMP traffic--some of them quite dangerous? Can you take advantage of stateful
filtering to simplify the management of TCP connections? Would you like to track how much traffic of various types you get?This pocket reference will help you at those critical moments when someone
asks you to open or close a port in a hurry, either to enable some important traffic or to block an attack. The book will keep the subtle syntax straight and help you remember all the values you have
to enter in order to be as secure as possible. The book has an introductory section that describes applications,followed by a reference/encyclopaedic section with all the matches and targets arranged
alphabetically.},
  Author = {Purdy, Gregor N.},
  langid = {english},
  PageTotal = 96,
  Publisher = {O'Reilly Media},
  Series = {Pocket Reference},
  Title = {{Linux iptables Pocket Reference}},
  Year = 2004
}

@Online{redhat-doc:lvm,
  Abstract = {This book describes the LVM logical volume manager, including information on running LVM in a clustered environment.},
  Author = {Levine, Steven},
  langid = {english},
  Title = {{Logical Volume Manager Administration}},
  URL = {https://access.redhat.com/documentation/en-us/red_hat_enterprise_linux/7/html/logical_volume_manager_administration/index}
}

@Book{robachevsky:unix,
  Abstract = {Книга является вторым изданием рекомендованного Министерством общего и профессионального
образования России одноименного учебного пособия. Даны основы организации, идеологии и архитектуры,
объединяющие различные версии UNIX. Рассматриваются: архитектура ядра (подсистемы ввода/вывода, управления
памятью и процессами, а также файловая подсистема), программный интерфейс (системные вызовы и основные
библиотечные функции), пользовательская среда (командный интерпретатор shell, основные команды и утилиты) и
сетевая поддержка (протоколы семейства ТСР/IР, архитектура сетевой подсистемы, программные интерфейсы
сокетов и TLI). Во второе издание включен новый материал по операционным системам Linux и FreeBSD, удалены темы,
утратившие актуальность, скорректирован набор описываемых системных вызовов и библиотечных функций,
добавлен глоссарий англоязычных терминов. Для студентов, преподавателей, пользователей и системных
администраторов.},
  Author = {Робачевский, Андрей and Немнюгин, Сергей and Стесик, Ольга},
  Edition = {2-е изд.},
  ISBN = {978-5-94157-538-1},
  langid = {russian},
  PageTotal = 656,
  Publisher = {БХВ-Петербург},
  Title = {{Операционная система UNIX}},
  Year = 2010
}

@Book{robbins:2013:bash,
  Abstract = {Arnold Robbins is a professional programmer and technical author who has worked with Unix systems since 1980 and has been using AWK since 1987. As a member of the POSIX 1003.2 balloting
group, he helped shape the POSIX standard for AWK. Arnold is currently the maintainer of gawk and its documentation. He is coauthor of the sixth edition of O'Reilly's Learning the vi Editor.},
  Author = {Robbins, Arnold},
  ISBN = {978-1491941591},
  ISSN = {1098-6596},
  Keywords = {icle},
  langid = {english},
  PageTotal = 156,
  pmid = 25246403,
  Publisher = {O'Reilly Media},
  Title = {{Bash Pocket Reference}},
  Year = 2016
}

@Book{tanenbaum:book:networks,
  Abstract = {Перед вами - очередное, пятое издание самой авторитетной книги по современным сетевым технологиям,
написанной признанным экспертом в этой области Эндрю Таненбаумом в соавторстве с профессором
Вашингтонского университета Дэвидом Уэзероллом. Первая версия этого классического труда появилась на свет
в далеком 1980 году, и с тех пор каждое издание книги неизменно становилось бестселлером и использовалось в
качестве базового учебника в ведущих технических вузах. В книге последовательно изложены основные
концепции, определяющие современное состояние и тенденции развития компьютерных сетей. Авторы подробнейшим
образом объясняют устройство и принципы работы аппаратного и программного обеспечения, рассматривают все
аспекты и уровни организации сетей - от физического до уровня прикладных программ. Изложение теоретических
принципов дополняется яркими, показательными примерами функционирования Интернета и компьютерных сетей
различного типа. Пятое издание полностью переработано с учетом изменений, происшедших в сфере сетевых
технологий за последние годы и, в частности, освещает такие аспекты, как беспроводные сети стандарта 802.12 и
802.16, сети 3G, технология RFID, инфраструктура доставки контента CDN, пиринговые сети, потоковое вещание,
интернет-телефония и многое другое.},
  Address = {Питер},
  Author = {Таненбаум, Эндрю and Уэзеролл, Дэвид},
  Edition = {5-е изд.},
  ISBN = {978-5-496-00831-0},
  langid = {russian},
  PageTotal = 960,
  Publisher = {Питер},
  Series = {Классика Computer Science},
  Title = {{Компьютерные сети}},
  Year = 2016
}

@Book{tannenbaum:modern_os::ru,
  Abstract = {Эндрю Таненбаум представляет новое издание своего всемирного бестселлера, необходимое для
понимания функционирования современных операционных систем. Оно существенно отличается от предыдущего и
включает в себя сведения о последних достижениях в области информационных технологий. Например, глава о Windows
Vista теперь заменена подробным рассмотрением Windows 8.1 как самой актуальной версии на момент написания книги.
Появился объемный раздел, посвященный операционной системе Android. Был обновлен материал, касающийся Unix и Linux, а
также RAID-систем. Гораздо больше внимания уделено мультиядерным и многоядерным системам, важность которых в
последние несколько лет постоянно возрастает. Появилась совершенно новая глава о виртуализации и облачных
вычислениях. Добавился большой объем нового материала об использовании ошибок кода, о вредоносных
программах и соответствующих мерах защиты. В книге в ясной и увлекательной форме приводится множество
важных подробностей, которых нет ни в одном другом издании.},
  Address = {СПб.},
  Author = {Таненбаум, Эндрю and Бос, Х.},
  Edition = {4-е изд.},
  langid = {russian},
  PageTotal = 1120,
  Publisher = {Питер},
  Series = {Классика Computer Science},
  Title = {{Современные операционные системы}},
  Year = 2015
}

@Book{terz:cisco4dummies,
  Address = {Indianapolis, Indiana},
  Author = {Tetz, Edward},
  langid = {english},
  PageTotal = 723,
  Publisher = {John Wiley \& Sons, Inc.},
  Series = {For Dummies},
  Title = {{Cisco Networking All-in-One For Dummies}},
  URL = {http://www.dummies.com/store/product/Cisco-Networking-All-in-One-For-Dummies.productCd-0470945583.html},
  Year = 2011
}

@Book{vadala:2009:raid,
  Abstract = {Redundant Array of Independent Disks (RAID) technology is becoming a standard feature of computer systems that support mission-critical services like file sharing, mail exchange, or Web
servers. RAID offers two benefits to these essential systems: improved I/O performance and fail-safe data storage. Although bandwidth problems on networks are well documented, the internal data
transfer bottleneck that exists at the hardware level in each system can also leave you with perplexing performance issues. RAID is a cost-effective and easy-to-manage way to alleviate this bandwidth
problem by distributing the I/O load seamlessly across multiple disks and controllers. RAID also provides uninterrupted data access through disk mirroring and parity algorithms. That means systems can
remain online even during a disk or controller failure. RAID is scalable, making it robust enough for large, high-traffic sites and small, critical systems. By using RAID, system administrators can
combine single disks into terabytes worth of data storage. Managing RAID on Linux covers everything system administrators need to know to put together a system that can support RAID. You will learn
about the different types of RAID, along with associated technologies and issues, and how to choose the best RAID system for your needs. With a step-by-step, hands-on approach, the author guides you
through the installation of either Linux software RAID or a hardware RAID card. The book shows how to build an array and optionally install a high-performance file system. Contents include: An
introduction to RAID and Linux Planning and architecture of your RAID system Building a software RAID Software RAID tools and references Building a hardware RAID Performance and tuning of your RAID
system RAID has become the low-cost solution of choice to deal with the ever-increasing demand for data storage space. Written for system administrators, power users, tech managers, and anyone who
wants to learn about RAID technology, Managing RAID on Linux sidesteps the often-confusing vendor-specific approach you'll find elsewhere to give you the straight story on RAID. Even non-Linux users
will find this book full of valuable material.},
  Author = {Vadala, Derek},
  langid = {englsih},
  PageTotal = 264,
  Publisher = {O'Reilly},
  Title = {{Managing RAID on Linux}},
  Year = 2004
}

@Book{vermeulen:2013:selinux-admin,
  Abstract = {NSA Security-Enhanced Linux (SELinux) is a set of patches and added utilities to the Linux kernel to incorporate a strong, flexible, mandatory access control architecture into the major
subsystems of the kernel. With its fine-grained yet flexible approach, it is no wonder Linux distributions are firing up SELinux as a default security measure. SELinux System Administration covers the
majority of SELinux features through a mix of real-life scenarios, descriptions, and examples. Everything an administrator needs to further tune SELinux to suit their needs are present in this book.
This book touches on various SELinux topics, guiding you through the configuration of SELinux contexts, definitions, and the assignment of SELinux roles, and finishes up with policy enhancements. All
of SELinux's configuration handles, be they conditional policies, constraints, policy types, or audit capabilities, are covered in this book with genuine examples that administrators might come
across. By the end, SELinux System Administration will have taught you how to configure your Linux system to be more secure, powered by a formidable mandatory access control.},
  Author = {Vermeulen, Sven},
  Edition = {2nd Edition},
  ISBN = {978-1787126954},
  Keywords = {Computer Security,Linux,Operating Systems,SELinux,System Administration},
  langid = {english},
  PageTotal = 285,
  Publisher = {Packt Publishing Ltd},
  Title = {{SELinux System Administration}},
  Year = 2016
}

@Book{vermeulen:2013:selinux-cookbook,
  Abstract = {Over 70 hands-on recipes to develop fully functional policies to confine your applications and users using SELinux About This BookDesign custom SELinux policies and understand the
reference policy interface constructions to build readable SELinux policy rulesExperience the wide range of security controls SELinux offers by customizing web application confinementStep-by-step
recipes exploring the SELinux environmentWho This Book Is ForIf you are a Linux system administrator or a Linux-based service administrator and want to fine-tune SELinux to implement a supported,
mature, and proven access control system, then this book is for you. Basic experience with SELinux enabled distributions is expected. In Detail In SELinux Cookbook, we cover everything from how to
build SELinux policies to the integration of the technology with other systems and look at a wide range of examples to assist in creating additional policies. The first set of recipes work around file
labeling as one of the most common and important SELinux administrative aspects. Then, we move on to custom policy development, showing how this is done for web application confinement, desktop
application protection, and custom server policies. Next, we shift our focus to the end user, restricting user privileges and setting up role-based access controls. After that, we redirect our focus
to the integration of SELinux with Linux systems, aligning SELinux with existing security controls on a Linux system. Finally, we will learn how applications interact with the SELinux subsystem
internally; ensuring that whatever the challenge, we will be able to find the best solution.},
  Author = {Vermeulen, Sven},
  ISBN = 9781783989669,
  langid = {english},
  PageTotal = 240,
  Publisher = {Packt Publishing Ltd},
  Title = {{SELinux Cookbook}},
  URL = {http://www.amazon.com/SELinux-Cookbook-Sven-Vermeulen/dp/1783989661/ref=sr_1_1?ie=UTF8&qid=1430099718&sr=8-1&keywords=selinux+cookbook},
  Year = 2014
}

@Book{vugt:rhcsa,
  Abstract = {Master every objective on the RHCSA and RHCE exams 4 Practice Exams (2 RHCSA and 2 RHCE) More than 40 interactive hands-on exercises and performance-based CLI simulations 3 Virtual
Machines to help you test your skills in a real-world environment More than 30 minutes of unique video examining pre-assessment theoretical exams so you know if you are prepared to take the tests More
than 2 hours of video instruction from our best-selling RHCSA and RHCE Complete Video Courses 40 interactive chapter and glossary quizzes This study guide helps you master topics on both the Red Hat
RHCSA (EX200) and RHCE (EX300) exams for Red Hat Enterprise Linux Version 7, including: Part 1: RHCSA Basic System Management: Installation, tools, text files, server connections; user, group, and
permissions management; network configuration Operating Running Systems: Process management, VMs, package installation, task scheduling, logging, managing partitions, and LVM logical volumes Advanced
System Administration: Basic kernel management, basic Apache server configuration, boot procedures/troubleshooting Managing Network Services: Using Kickstart; managing SELinux; configuring firewalls,
remote mounts, FTP, and time services Part 2: RHCE System Configuration/Management: External authentication/authorization, iSCSI SANs, performance reporting, optimization, logging, routing/advanced
networking, and Bash scripting System Security: Configuring firewalls, advanced Apache services, DNS, MariaDB, NFS, Samba, SMTP, SSH, and time synchronization Red Hat RHCSA/RHCE 7 Cert Guide contains
proven study features that allow you to succeed on the exam the first time. Best-selling author and top Linux consultant Sander van Vugt shares preparation hints and test-taking tips, helping you
identify areas of weakness to improve both your conceptual knowledge and hands-on skills. This complete study package includes the following: A test-preparation routine proven to help you pass Red
Hat's tough certification exams Clearly defined chapter learning objectives covering all RHCSA (EX200) and RHCE (EX300) exam topics Chapter-ending review questions to help you drill on key concepts
you must know thoroughly Chapter-ending labs showing what real exam tasks and assignments look like 4 Practice Exams that appear in the book and also on the on the companion website and DVD (2 RHCSA
and 2 RHCE), so you can thoroughly test your skills before taking your actual exams More than 40 Interactive Hands-on Exercises and 40 Interactive Quizzes to help you immediately test and reinforce
your knowledge 4 advanced Command-Line Interface simulations (2 RHCSA and 2 RHCE) walking you through realistic, complex, multi-step Red Hat scenarios Interactive Glossary Quiz on the companion
website and DVD allowing you to test yourself on every glossary term covered in the book 2½+ hours of video training: 30 minutes of unique test-prep videos plus more than 2 hours of instruction from
the best-selling RHCSA and RHCE Complete Video Course series 3 Virtual Machines on the companion website and DVD giving you easy access to a reliable environment for working through this book's labs
and exercises A final preparation chapter, which guides you through tools and resources to help you craft your review and test-taking strategies Two Theoretical Pre-Assessment Exams (one RHCSA and one
RHCE) so you can assess your skills and determine the best study path An Exam Essentials appendix that quickly recaps all major chapter topics for easy reference, found on both the companion website
and DVD Study plan suggestions and templates to help you organize and optimize your study time},
  Author = {van Vugt, Sander},
  ISBN = {978-0-7897-5405-9},
  langid = {english},
  PageTotal = 1008,
  Publisher = {Pearson IT Certification},
  Series = {Certification Guide},
  Title = {{Red Hat RHCSA/RHCE 7 cert guide : Red Hat Enterprise Linux 7 (EX200 and EX300)}},
  Year = 2016
}

@Book{zarrelli:2017:bash,
  Abstract = {System administration is an everyday effort that involves a lot of tedious tasks, and devious pits. Knowing your environment is the key to unleashing the most powerful solution that will
make your life easy as an administrator, and show you the path to new heights. Bash is your Swiss army knife to set up your working or home environment as you want, when you want. This book will
enable you to customize your system step by step, making your own real, virtual, home out of it. The journey will take you swiftly through the basis of the shell programming in Bash to more
interesting and challenging tasks. You will be introduced to one of the most famous open source monitoring systems—Nagios, and write complex programs with it in any languages. You'll see how to
perform checks on your sites and applications. Moving on, you'll discover how to write your own daemons so you can create your services and take advantage of inter-process communication to let your
scripts talk to each other. So, despite these being everyday tasks, you'll have a lot of fun on the way. By the end of the book, you will have gained advanced knowledge of Bash that will help you
automate routine tasks and manage your systems.},
  Author = {Zarrelli, Giorgio},
  ISBN = 9781784396879,
  langid = {english},
  PageTotal = 502,
  Publisher = {Packt Publishing},
  Title = {{Mastering Bash}},
  Year = 2017
}
